%%%%%%%%%%% mybib.bib %%%%%%%%%%%%%%%%%%%
@misc{wbw,
  author={Tim Urban},
  title = {The AI Revolution: The Road to Superintelligence},
  howpublished = {\url{http://waitbutwhy.com/2015/01/artificial-intelligence-revolution-1.html}},
  note = {Accessed: 2015-03-03}
}
@misc{wbw2,
  author={Tim Urban},
  title = {The AI Revolution: Our Immortality or Extinction},
  howpublished = {\url{http://waitbutwhy.com/2015/01/artificial-intelligence-revolution-2.html}},
  note = {Accessed: 2015-03-12}
}

@misc{hurdle,
  author={John Markoff},
  title = {I.B.M. Researchers Find a Way to Keep Moore's Law on Pace},
  howpublished = {\url{http://www.nytimes.com/2006/02/20/technology/20chip.html?_r=0}},
  note = {Accessed: 2015-03-03}
}

@misc{speeds,
  author={ZiNgA BuRgA},
  title = {Intel CPU Speeds Over Time},
  howpublished = {\url{http://i.imgur.com/NFysh.png}},
  note = {Accessed: 2015-03-03}
}

@misc{mooreslaw,
  author={Tiffany Trader},
  title = {Growing HPC Beyond Moore’s Law},
  howpublished = {\url{http://www.hpcwire.com/2015/03/02/growing-hpc-beyond-moores-law/}},
  note = {Accessed: 2015-03-03}
}

@misc{memristor,
  author={Gabriel Popkin},
  title = {Moore’s Law Is About to Get Weird},
  howpublished = {\url{http://nautil.us/issue/21/information/moores-law-is-about-to-get-weird}},
  note = {Accessed: 2015-03-03}
}

@misc{muskinterview,
  author={Elon Musk},
  title = {One-on-One with Elon Musk},
  howpublished = {\url{http://webcast.amps.ms.mit.edu/fall2014/AeroAstro/index-Fri-PM.html}},
  note = {Accessed: 2015-03-12}
}

@misc{hawkinginterview,
  author={Stephen Hawking},
  title = {Stephen Hawking warns artificial intelligence could end mankind},
  howpublished = {\url{http://www.bbc.com/news/technology-30290540}},
  note = {Accessed: 2015-03-12}
}

@misc{mooresslowing,
  title = {International Technology Roadmap for Semiconductors},
  howpublished = {\url{http://en.wikipedia.org/wiki/International_Technology_Roadmap_for_Semiconductors}},
  note = {Accessed: 2015-03-12}
}

@misc{deepblue,
  title = {Deep Blue (chess computer)},
  howpublished = {\url{http://en.wikipedia.org/wiki/Deep_Blue_%28chess_computer%29}},
  note = {Accessed: 2015-03-12}
}

@misc{watson,
  author={IBM},
  title = {IBM Watson},
  howpublished = {\url{http://www.ibm.com/smarterplanet/us/en/ibmwatson/}},
  note = {Accessed: 2015-03-12}
}

@misc{watsonwins,
  author={Adam Gabbatt},
  title = {IBM computer Watson wins Jeopardy clash},
  howpublished = {\url{http://www.theguardian.com/technology/2011/feb/17/ibm-computer-watson-wins-jeopardy}},
  note = {Accessed: 2015-03-12}
}

@misc{wikiani,
  title = {Weak AI},
  howpublished = {\url{http://en.wikipedia.org/wiki/Weak_AI}},
  note = {Accessed: 2015-03-12}
}

@misc{wikiagi,
  title = {Artificial general intelligence},
  howpublished = {\url{http://en.wikipedia.org/wiki/Artificial_general_intelligence}},
  note = {Accessed: 2015-03-12}
}
%%%%%%%%%%%%% end %%%%%%%%%%%%%%%%%%%%%%

